@article{thrun2006stanley,
  author    = {S. Thrun and M. Montemerlo and H. Dahlkamp and D. Stavens and
               A. Aron and J. Diebel and P. Fong and J. Gale and M. Halpenny and
               G. Hoffmann and K. Lau and C. Oakley and M. Palatucci and
               V. Pratt and P. Stang and S. Strohband and C. Dupont and
               L. Erdmann and J. Mahoney and J. Marino and K. Niekerk and
               E. Jensen and P. Alessandrini and G. Bradski and B. Davies and
               S. Ettinger and A. Kaehler and A. Nefian and P. Mahoney},
  title     = {Stanley: The robot that won the DARPA Grand Challenge},
  journal   = {Journal of Field Robotics},
  volume    = {23},
  number    = {9},
  pages     = {661--692},
  year      = {2006}
}

@article{urmson2008boss,
  author    = {C. Urmson and J. Anhalt and D. Bagnell and C. Baker and
               R. Bittner and M. Clark and J. Dolan and D. Duggins and
               T. Galatali and C. Geyer and M. Gittleman and S. Harbaugh and
               M. Hebert and T. Howard and S. Kolski and A. Kelly and
               M. Likhachev and M. McNaughton and N. Miller and K. Peterson and
               B. Pilnick and R. Rajkumar and P. Rybski and B. Salesky and
               Y.-W. Seo and S. Singh and J. Snider and D. Stentz and W. Whittaker},
  title     = {Autonomous driving in urban environments: Boss and the Urban Challenge},
  journal   = {Journal of Field Robotics},
  volume    = {25},
  number    = {8},
  pages     = {425--466},
  year      = {2008}
}

@article{montemerlo2008junior,
  author    = {M. Montemerlo and J. Becker and S. Bhat and H. Dahlkamp and
               D. Dolgov and S. Ettinger and D. Haehnel and T. Hilden and
               G. Hoffmann and B. Huhnke and D. Johnston and S. Klumpp and
               D. Langer and A. Levandowski and J. Levinson and J. Marcil and
               D. Orenstein and J. Paefgen and I. Penny and A. Petrovskaya and
               M. Pflueger and G. Stanek and D. Stavens and A. Vogt and S. Thrun},
  title     = {Junior: The Stanford entry in the Urban Challenge},
  journal   = {Journal of Field Robotics},
  volume    = {25},
  number    = {9},
  pages     = {569--597},
  year      = {2008}
}

@article{bojarski2016end,
  author    = {M. Bojarski and D. Del Testa and D. Dworakowski and B. Firner and
               B. Flepp and P. Goyal and L. D. Jackel and M. Monfort and
               U. Muller and J. Zhang and X. Zhang and J. Zhang and
               E. Barry and J. Zhao and K. Zieba and M. D. Muller and
               A. Karol and T. Kisner},
  title     = {End to end learning for self-driving cars},
  journal   = {arXiv preprint arXiv:1604.07316},
  year      = {2016},
  url       = {https://arxiv.org/abs/1604.07316}
}

@inproceedings{bishop2000survey,
  author    = {R. Bishop},
  title     = {A survey of intelligent vehicle applications worldwide},
  booktitle = {IEEE Intelligent Vehicles Symposium},
  volume    = {15},
  number    = {1},
  pages     = {113--122},
  year      = {2000}
}

@inproceedings{levinson2011towards,
  author    = {J. Levinson and J. Askeland and J. Becker and J. Dolson and
               D. Held and S. Kammel and J. Z. Kolter and D. Langer and
               O. Pink and V. Pratt and M. Sokolsky and G. Stanek and
               D. Stavens and A. Teichman and M. Werling and S. Thrun},
  title     = {Towards fully autonomous driving: Systems and algorithms},
  booktitle = {Proc. IEEE Intelligent Vehicles Symposium},
  pages     = {163--168},
  year      = {2011}
}

@article{li2017speech,
  author    = {G. Li and S. Mei and H. Yang and X. Zhang and H. Wang and F. Sun},
  title     = {Speech interaction with robots: A review},
  journal   = {International Journal of Advanced Robotic Systems},
  volume    = {14},
  number    = {6},
  pages     = {1--15},
  year      = {2017}
}

@article{prasad2013voice,
  author    = {P. R. K. Prasad and V. G. Kumar and R. R. Reddy},
  title     = {Voice-controlled robotic vehicle},
  journal   = {International Journal of Advanced Research in Electrical, Electronics and Instrumentation Engineering},
  volume    = {2},
  number    = {6},
  pages     = {2723--2728},
  year      = {2013}
}

@article{warden2018speech,
  author    = {P. Warden},
  title     = {Speech commands: A dataset for limited-vocabulary speech recognition},
  journal   = {arXiv preprint arXiv:1804.03209},
  year      = {2018},
  url       = {https://arxiv.org/abs/1804.03209}
}

@article{vasudevan2010speech,
  author    = {A. Vasudevan and R. Siegwart},
  title     = {Speech-based humanâ€“robot interaction for assistive robots},
  journal   = {Robotics and Autonomous Systems},
  volume    = {58},
  number    = {7},
  pages     = {881--888},
  year      = {2010}
}

